@article{reusability,
 author = {Taibi, F.},
 title = {Reusability of {O}pen-{S}ource {P}rogram {C}ode: {A} {C}onceptual {M}odel and {E}mpirical {I}nvestigation},
 journal = {SE Notes},
 volume = {38},
 number = {4},
 year = {2013},
} 

@ARTICLE{specmining,
author={Le Goues, C. and Weimer, W.},
journal={TSE},
title={{M}easuring {C}ode {Q}uality to {I}mprove {S}pecification {M}ining},
year={2012},
volume={38},
number={1},
pages={175-190},
}

@INPROCEEDINGS{twostudy,
	author = {Brandt, J. and Guo, P.J. and Lewenstein, J. and Dontcheva, M. and Klemmer, S.R.},
	title = {Two {S}tudies of {O}pportunistic {P}rogramming: {I}nterleaving {W}eb {F}oraging, {L}earning, and {W}riting {C}ode},
	booktitle = {Proc. SIGCHI},
	year = {2009},
	pages = {1589--1598},
} 

@article{koderlog,
	author = {Bajracharya, S. K. and Lopes, C. V.},
	title = {Analyzing and Mining a Code Search Engine Usage Log},
	journal = {EMSE},
	volume = {17},
	number = {4-5},
	year = {2012},
	pages = {424--466}
} 

@ARTICLE{readability,
author={Buse, R.P.L. and Weimer, W.R.},
journal={TSE},
title={{L}earning a {M}etric for {C}ode {R}eadability},
year={2010},
volume={36},
number={4},
pages={546-558},
}

@article{readuse,
 author = {Knight, J.C. and Myers, E. A.},
 title = {{P}hased {I}nspections and {T}heir {I}mplementation},
 journal = {SE Notes},
 volume = {16},
 number = {3},
 year = {1991},
 pages = {29--35},
} 


@inproceedings{simpler,
 author = {Posnett, Daryl and Hindle, Abram and Devanbu, Premkumar},
 title = {A {S}impler {M}odel of {S}oftware {R}eadability},
 booktitle = {Proc. MSR},
 year = {2011},
 isbn = {978-1-4503-0574-7},
 location = {Waikiki, Honolulu, HI, USA},
 pages = {73--82},
} 


@article{ijert,
 author = {Chawla, Mandeep K. and Chhabra, Indu},
 title = {Implementing Source Code Metrics for Software Quality Analysis},
 journal = {IJERT},
 volume = {1},
 number = {5},
 month = Jul,
 year = {2012},
} 

@inproceedings{lochmann,
 author = {Lochmann, K. and Heinemann, L.},
 title = {{I}ntegrating {Q}uality {M}odels and {S}tatic {A}nalysis for {C}omprehensive {Q}uality {A}ssessment},
 booktitle = {Proc. of WETSoM},
 year = {2011},
 pages = {5--11},
} 

@article{survey,
 author = {Rawat, M.S. and Mittal, A. and Dubey, S.K.},
 title = {{S}urvey on {I}mpact of {S}oftware {M}etrics on {S}oftware {Q}uality},
 journal = {IJACSA},
 volume = {3},
 number = {1},
 year = {2012},
}

@INPROCEEDINGS{foss,
author={Meirelles, P. and Santos, C. and Miranda, J. and Kon, F. and Terceiro, A. and Chavez, C.},
booktitle={Proc. SBES},
title={A Study of the Relationships between Source Code Metrics and Attractiveness in Free Software Projects},
year={2010},
pages={11-20},
}

@ARTICLE{oss,
    author = {Ioannis Stamelos and Lefteris Angelis and Apostolos Oikonomou and Georgios L. Bleris},
    title = {Code quality analysis in open source software development},
    journal = {Info Systems J},
    year = {2002},
    volume = {12},
    pages = {43--60}
}

@article{subjective,
 author = {M\"{a}ntyl\"{a}, M.V. and Lassenius, C.},
 title = {{S}ubjective {E}valuation of {S}oftware {E}volvability using {C}ode {S}mells: {A}n {E}mpirical {S}tudy},
 journal = {ESE},
 volume = {11},
 number = {3},
 year = {2006},
 pages = {395--431},
} 

@INPROCEEDINGS{roadpef,
author={Buse, R.P.L. and Weimer, W.},
booktitle={In Proc. ICSE},
title={The road not taken: Estimating path execution frequency statically},
year={2009},
pages={144-154},
}

@INPROCEEDINGS{refactoring,
author={Stroggylos, K. and Spinellis, D.},
booktitle={In Proc. WoSQ},
title={Refactoring--{D}oes {I}t {I}mprove {S}oftware {Q}uality?},
year={2007},
pages={10--},
}

@INPROCEEDINGS{nasehi,
author={Nasehi, S. M. and Sillito, J. and Maurer, F. and  Burns, C.},
booktitle={Proc. ICSM}, 
title={What {M}akes a {G}ood {C}ode {E}xample -{A} {S}tudy of {P}rogramming {Q} and {A} in {S}tackOverflow},
year={2012},
pages={25 -35},
}

@inproceedings{nier,
 author = {Treude, C. and Barzilay, O. and Storey, M.A.},
 title = {How {D}o {P}rogrammers {A}sk and {A}nswer {Q}uestions on the {W}eb? ({NIER} {T}rack)},
 booktitle = {ICSE},
 year = {2011},
 pages = {804--807},
}

@inproceedings{sigkdd,
 author = {Anderson, Ashton and Huttenlocher, Daniel and Kleinberg, Jon and Leskovec, Jure},
 title = {Discovering value from community activity on focused question answering sites: a case study of stack overflow},
 booktitle = {Proc. SIGKDD},
 year = {2012},
 pages = {850--858},
} 

@INPROCEEDINGS{quatic,
author={Plösch, R. and Gruber, H. and Körner, C. and Saft, M.},
booktitle={Proc. QUATIC},
title={A Method for Continuous Code Quality Management Using Static Analysis},
year={2010},
pages={370 -375},
}

@INPROCEEDINGS{valid,
author={Bugayenko, Y.},
booktitle={Proc. VALID}, 
title={Quality of Code Can Be Planned and Automatically Controlled},
year={2009},
pages={92 -97},
}

@INPROCEEDINGS{javaquality,
author={van Emden, E. and Moonen, L.},
booktitle={Proc. WCRE}, 
title={Java quality assurance by detecting code smells},
year={2002},
pages={ 97 - 106},
}

@INPROCEEDINGS{archdescov,
author={Pirzadeh, H. and Alawneh, L. and Hamou-Lhadj, A.},
booktitle={Proc. QSIC},
 title={Quality of the Source Code for Design and Architecture Recovery Techniques: Utilities are the Problem},
year={2009},
pages={465 -469},
}

@INPROCEEDINGS{expertsys,
author={Vegerina, N. and Lipanov, A.},
booktitle={Proc. CEE-SECR}, 
title={Expert system for software source code quality analysis},
year={2010},
pages={86 -92},
}

@INPROCEEDINGS{antipattern,
author={Arnaoudova, V.},
booktitle={Proc. WCRE}, 
title={Improving Source Code Quality through the Definition of Linguistic Antipatterns},
year={2010},
pages={285 -288},
}

@inproceedings{kotpali,
 author = {Kothapalli, Chaitanya and Ganesh, S. G. and Singh, Himanshu K. and Radhika, D. V. and Rajaram, T. and Ravikanth, K. and Gupta, Shrinath and Rao, Kiron},
 title = {Continual monitoring of code quality},
 booktitle = {Proc. ISEC},
 year = {2011},
 pages = {175--184},
}

@INPROCEEDINGS{envy,
author={Oliveto, R. and Gethers, M. and Bavota, G. and Poshyvanyk, D. and De Lucia, A.},
booktitle={Proc. ICSE}, 
title={Identifying method friendships to remove the feature envy bad smell: NIER track},
year={2011},
pages={820 -823},
}

@INPROCEEDINGS{khomh,
author={Khomh, F.},
booktitle={Proc. WCRE}, 
title={SQUAD: Software Quality Understanding through the Analysis of Design},
year={2009},
pages={303 -306},
}

@ARTICLE{gyimothy,
author={Gyimothy, T. and Ferenc, R. and Siket, I.},
journal={Softw. Eng., IEEE Trans.}, 
title={Empirical validation of object-oriented metrics on open source software for fault prediction},
year={2005},
volume={31},
number={10},
pages={ 897 - 910},
}

@inproceedings{lavazza,
 author = {Lavazza, Luigi and Morasca, Sandro and Taibi, Davide and Tosi, Davide},
 title = {Predicting OSS trustworthiness on the basis of elementary code assessment},
 booktitle = {Proc. ESEM},
 year = {2010},
 pages = {36:1--36:4},
 articleno = {36},
 numpages = {4},
 } 

@misc
{
expdata,
title={{S}tack{S}uggest {E}xperimental {D}ata},
url={www.usask.ca/~masud.rahman/ss/expdata}
}
@misc
{
sowiki,
title={Stack{O}verflow},
url={http://en.wikipedia.org/wiki/Stack_Overflow}
}
@misc
{api,
title={{StackExchage} {API}},
url={http://data.stackexchange.com/stackoverflow}
}
@misc
{readlib,
title={Readability {L}ibrary},
url={http://www.arrestedcomputing.com/readability}
}
















